@article{Goldin1964,
author = {Gol'din, V. Ya},
file = {:home/slayer/Dropbox/SlaybaughsGroup/Projects/2014.neup.HybridMethods/BackgroundPapers/Gol'din-quasi-diffusion\_ZhVychMat4No6\_1946.pdf:pdf},
journal = {Zh. Vych. Mat.},
keywords = {kinetics,quasi-diffusion},
mendeley-tags = {kinetics,quasi-diffusion},
number = {6},
pages = {1078--1087},
title = {{A Quasi-Diffusion METHOD OF SOLVING THE KINETIC EQUATION}},
volume = {4},
year = {1964}
}
@article{Miften1993,
author = {Miften, M. M. and Larsen, Edward W.},
doi = {10.1080/00411459308203811},
file = {:home/slayer/Dropbox/SlaybaughsGroup/Projects/2014.neup.HybridMethods/BackgroundPapers/Miften-Larsen-quasi-diffusion.pdf:pdf},
issn = {0041-1450},
journal = {Transport Theory and Statistical Physics},
keywords = {quasi-diffusion,short characterisitc,spherical discretization},
mendeley-tags = {quasi-diffusion,short characterisitc,spherical discretization},
month = apr,
number = {2-3},
pages = {165--186},
title = {{The Quasi-Diffusion method for solving transport problems in planar and spherical geometries}},
url = {http://www.tandfonline.com/doi/abs/10.1080/00411459308203811},
volume = {22},
year = {1993}
}
